@preamble{ " \newcommand{\noop}[1]{} " }

@article{ionides22,
  xdoi = {10.48550/ARXIV.2206.03837},
  xurl = {https://arxiv.org/abs/2206.03837},
  author = {Ionides, Edward L. and Ning, Ning and Wheeler, Jesse},
  title = {An Iterated Block Particle Filter for Inference on Coupled Dynamic Systems with Shared and Unit-Specific Parameters},
  journal = {Statistica Sinica},
  pages={pre-published online},
  year = {2022},
}

 @article{wheeler2023-a,
    author  = {Wheeler, Jesse and Ionides, Edward L.}, 
    year    = "\noop{3001}Working Paper, 2023",
    journal = "The R Journal",
    title = {Likelihood Based Inference of {ARMA} Models}
}

@article{wheeler2023-b, 
    author = {Wheeler, Jesse and Ionides, Edward L.},
    year = "\noop{3002}Working Paper",
    title = {Block Panel Iterated Filtering for Unit-Specific Parameters},
    journal = {TBD}
}

@article{wheeler2023-c,
    author = {Wheeler, Jesse and Rosengart, AnnaElaine and Zhuoxun, Jiang and Tan, Kevin and Treutle, Noah and Ionides, Edward L.},
    year = "\noop{3003}Submitted, 2023",
    title = {Informing Policy via Dynamic Models: Cholera in {H}aiti},
    journal = {The Annals of Applied Statistics},
    doi = {arXiv:2301.08979}
}
